[gd_scene load_steps=5 format=2]

[ext_resource path="res://Scenes/Container.gd" type="Script" id=1]
[ext_resource path="res://Scenes/ColorPicker.gd" type="Script" id=2]
[ext_resource path="res://Assets/Icons/round_refresh_black_48dp.png" type="Texture" id=3]
[ext_resource path="res://Assets/Theme.tres" type="Theme" id=4]

[node name="UI" type="Control"]
anchor_right = 1.0
anchor_bottom = 1.0
theme = ExtResource( 4 )
script = ExtResource( 1 )
__meta__ = {
"_edit_use_anchors_": false
}

[node name="Background" type="ColorRect" parent="."]
anchor_left = 1.0
anchor_right = 1.0
anchor_bottom = 1.0
margin_left = -400.0
rect_min_size = Vector2( 200, 200 )
mouse_filter = 1
color = Color( 0.631373, 0.631373, 0.631373, 1 )
__meta__ = {
"_edit_use_anchors_": false
}

[node name="VBoxContainer" type="VBoxContainer" parent="Background"]
anchor_right = 1.0
anchor_bottom = 1.0
margin_left = 10.0
margin_top = 10.0
margin_right = -10.0
margin_bottom = -10.0
custom_constants/separation = 20
__meta__ = {
"_edit_use_anchors_": false
}

[node name="ColorPicker" type="ColorPicker" parent="Background/VBoxContainer"]
margin_right = 380.0
margin_bottom = 530.0
rect_min_size = Vector2( 350, 500 )
script = ExtResource( 2 )
__meta__ = {
"_edit_use_anchors_": false
}

[node name="Menu" type="VBoxContainer" parent="Background/VBoxContainer"]
margin_top = 550.0
margin_right = 380.0
margin_bottom = 696.0
custom_constants/separation = 10
__meta__ = {
"_edit_use_anchors_": false
}

[node name="reload" type="Button" parent="Background/VBoxContainer/Menu"]
margin_right = 380.0
margin_bottom = 32.0
mouse_default_cursor_shape = 5
size_flags_horizontal = 3
text = "reload from place"
icon = ExtResource( 3 )
align = 0
expand_icon = true
__meta__ = {
"_edit_use_anchors_": false
}

[node name="reset" type="Button" parent="Background/VBoxContainer/Menu"]
margin_top = 42.0
margin_right = 380.0
margin_bottom = 74.0
mouse_default_cursor_shape = 5
size_flags_horizontal = 3
text = "reset position"
icon = ExtResource( 3 )
align = 0
expand_icon = true
__meta__ = {
"_edit_use_anchors_": false
}

[node name="ImagePos" type="Label" parent="Background/VBoxContainer/Menu"]
margin_top = 84.0
margin_right = 380.0
margin_bottom = 110.0
text = "(test, test)"
align = 1

[node name="CameraPos" type="Label" parent="Background/VBoxContainer/Menu"]
margin_top = 120.0
margin_right = 380.0
margin_bottom = 146.0
text = "(test, test)"
align = 1

[connection signal="color_changed" from="Background/VBoxContainer/ColorPicker" to="Background/VBoxContainer/ColorPicker" method="set_global_color"]
